date;total_revenue;advertising;other_revenue;family_of_apps;reality_labs
2018-06-30;13231;13038;193;13231;0
2018-09-30;13727;13539;188;13727;0
2018-12-31;16914;16640;274;16914;0
2019-03-31;15077;14912;165;15077;0
2019-06-30;16866;16624;262;16866;0
2019-09-30;17652;17383;269;17652;0
2019-12-31;21082;20736;346;21082;0
2020-03-31;17737;17440;297;17737;0
2020-06-30;18687;18321;366;18687;0
2020-09-30;21470;21221;249;21470;0
2020-12-31;28072;27187;885;28072;0
2021-03-31;26171;25439;198;25637;534
2021-06-30;29077;28580;192;28772;305
2021-09-30;29010;28276;176;28452;558
2021-12-31;33671;32639;155;32794;877
2022-03-31;27908;26998;215;27213;695
2022-06-30;28822;28152;218;28370;452
2022-09-30;27714;27237;192;27429;285
2022-12-31;32165;31254;184;31438;727
2023-03-31;28645;28101;205;28306;339
