date;us_and_canada;europe;asia_pacific;rest_of_world;total_revenue
2021-03-31;12405;6523;4789;2454;26171
2021-06-30;13738;7270;5190;2879;29077
2021-09-30;13613;6955;5461;2981;29010
2021-12-31;15826;8357;6244;3244;33671
2022-03-31;12671;6486;5759;2992;27908
2022-06-30;13249;6452;5908;3213;28822
2022-09-30;13035;5797;5782;3100;27714
2022-12-31;15636;7050;6050;3429;32165
2023-03-31;13048;6345;5960;3292;28645
